%% This BibTeX bibliography file was created using BibDesk.
%% http://bibdesk.sourceforge.net/

%% Created for AMUNDSEN, DAVID S. (GISS-6110)[COLUMBIA UNIVERSITY] at 2017-01-31 14:34:48 -0500 


%% Saved with string encoding Unicode (UTF-8) 


@ARTICLE{Abe1988,
   author = {{Abe}, Y. and {Matsui}, T.},
    title = "{Evolution of an Impact-Generated H$_{2}$O-CO$_{2}$ Atmosphere and Formation of a Hot Proto-Ocean on Earth.}",
  journal = {Journal of Atmospheric Sciences},
     year = 1988,
    month = nov,
   volume = 45,
    pages = {3081-3101},
      doi = {10.1175/1520-0469(1988)045<3081:EOAIGH>2.0.CO;2},
   adsurl = {http://adsabs.harvard.edu/abs/1988JAtS...45.3081A},
  adsnote = {Provided by the SAO/NASA Astrophysics Data System}
}


@article{Abe2011,
	Adsnote = {Provided by the SAO/NASA Astrophysics Data System},
	Adsurl = {http://adsabs.harvard.edu/abs/2011AsBio..11..443A},
	Author = {{Abe}, Y. and {Abe-Ouchi}, A. and {Sleep}, N.~H. and {Zahnle}, K.~J.},
	Doi = {10.1089/ast.2010.0545},
	Journal = {Astrobiology},
	Keywords = {Venus, Habitable zone, Extrasolar terrestrial planets, Water, Planetary atmospheres},
	Month = jun,
	Pages = {443-460},
	Title = {{Habitable Zone Limits for Dry Planets}},
	Volume = 11,
	Year = 2011,
	Bdsk-Url-1 = {http://dx.doi.org/10.1089/ast.2010.0545}}

@article{Allard2012,
	Adsnote = {Provided by the SAO/NASA Astrophysics Data System},
	Adsurl = {http://adsabs.harvard.edu/abs/2012RSPTA.370.2765A},
	Archiveprefix = {arXiv},
	Author = {{Allard}, F. and {Homeier}, D. and {Freytag}, B.},
	Doi = {10.1098/rsta.2011.0269},
	Eprint = {1112.3591},
	Journal = {Philosophical Transactions of the Royal Society of London Series A},
	Month = jun,
	Pages = {2765-2777},
	Primaryclass = {astro-ph.SR},
	Title = {{Models of very-low-mass stars, brown dwarfs and exoplanets}},
	Volume = 370,
	Year = 2012,
	Bdsk-Url-1 = {http://dx.doi.org/10.1098/rsta.2011.0269}}

@article{Amundsen2016,
   author = {{Amundsen}, D.~S. and {Tremblin}, P. and {Manners}, J. and {Baraffe}, I. and 
	{Mayne}, N.~J.},
    title = "{Treatment of overlapping gaseous absorption with the correlated-$k$ method in hot Jupiter and brown dwarf atmosphere models}",
  journal = {\aap},
archivePrefix = "arXiv",
   eprint = {1610.01389},
 primaryClass = "astro-ph.EP",
 keywords = {opacity, radiative transfer, methods: numerical, planets and satellites: atmospheres, brown dwarfs, planets and satellites: gaseous planets},
     year = 2017,
    month = feb,
   volume = 598,
      eid = {A97},
    pages = {A97},
      doi = {10.1051/0004-6361/201629322},
   adsurl = {http://adsabs.harvard.edu/abs/2016arXiv161001389A},
  adsnote = {Provided by the SAO/NASA Astrophysics Data System}
}

@article{Baines2012,
	Adsnote = {Provided by the SAO/NASA Astrophysics Data System},
	Adsurl = {http://adsabs.harvard.edu/abs/2012ApJ...744..138B},
	Author = {{Baines}, E.~K. and {Armstrong}, J.~T.},
	Doi = {10.1088/0004-637X/744/2/138},
	Eid = {138},
	Journal = {\apj},
	Keywords = {planetary systems, stars: individual: HD 22049, techniques: high angular resolution, techniques: interferometric},
	Month = jan,
	Pages = {138},
	Title = {{Confirming Fundamental Properties of the Exoplanet Host Star epsilon Eridani Using the Navy Optical Interferometer}},
	Volume = 744,
	Year = 2012,
	Bdsk-Url-1 = {http://dx.doi.org/10.1088/0004-637X/744/2/138}}

@article{Betremieux2014,
	Adsnote = {Provided by the SAO/NASA Astrophysics Data System},
	Adsurl = {http://adsabs.harvard.edu/abs/2014ApJ...791....7B},
	Archiveprefix = {arXiv},
	Author = {{B{\'e}tr{\'e}mieux}, Y. and {Kaltenegger}, L.},
	Doi = {10.1088/0004-637X/791/1/7},
	Eid = {7},
	Eprint = {1312.6625},
	Journal = {\apj},
	Keywords = {atmospheric effects, Earth, line: identification, methods: analytical, planets and satellites: atmospheres, radiative transfer},
	Month = aug,
	Pages = {7},
	Primaryclass = {astro-ph.EP},
	Title = {{Impact of Atmospheric Refraction: How Deeply can We Probe Exo-Earth's Atmospheres during Primary Eclipse Observations?}},
	Volume = 791,
	Year = 2014,
	Bdsk-Url-1 = {http://dx.doi.org/10.1088/0004-637X/791/1/7}}

@article{Betremieux2013,
	Adsnote = {Provided by the SAO/NASA Astrophysics Data System},
	Adsurl = {http://adsabs.harvard.edu/abs/2013ApJ...772L..31B},
	Archiveprefix = {arXiv},
	Author = {{B{\'e}tr{\'e}mieux}, Y. and {Kaltenegger}, L.},
	Doi = {10.1088/2041-8205/772/2/L31},
	Eid = {L31},
	Eprint = {1307.0416},
	Journal = {\apjl},
	Keywords = {astrobiology, Earth, line: identification, planets and satellites: atmospheres, radiative transfer, ultraviolet: planetary systems},
	Month = aug,
	Pages = {L31},
	Primaryclass = {astro-ph.EP},
	Title = {{Transmission Spectrum of Earth as a Transiting Exoplanet from the Ultraviolet to the Near-infrared}},
	Volume = 772,
	Year = 2013,
	Bdsk-Url-1 = {http://dx.doi.org/10.1088/2041-8205/772/2/L31}}

@article{Cowan2015,
	Adsnote = {Provided by the SAO/NASA Astrophysics Data System},
	Adsurl = {http://adsabs.harvard.edu/abs/2015PASP..127..311C},
	Archiveprefix = {arXiv},
	Author = {{Cowan}, N.~B. and {Greene}, T. and {Angerhausen}, D. and {Batalha}, N.~E. and {Clampin}, M. and {Col{\'o}n}, K. and {Crossfield}, I.~J.~M. and {Fortney}, J.~J. and {Gaudi}, B.~S. and {Harrington}, J. and {Iro}, N. and {Lillie}, C.~F. and {Linsky}, J.~L. and {Lopez-Morales}, M. and {Mandell}, A.~M. and {Stevenson}, K.~B.},
	Doi = {10.1086/680855},
	Eprint = {1502.00004},
	Journal = {\pasp},
	Month = mar,
	Pages = {311-327},
	Primaryclass = {astro-ph.EP},
	Title = {{Characterizing Transiting Planet Atmospheres through 2025}},
	Volume = 127,
	Year = 2015,
	Bdsk-Url-1 = {http://dx.doi.org/10.1086/680855}}

@book{Dole1964,
	Adsnote = {Provided by the SAO/NASA Astrophysics Data System},
	Adsurl = {http://adsabs.harvard.edu/abs/1964hpfm.book.....D},
	Author = {{Dole}, S.~H.},
	Booktitle = {New York, Blaisdell Pub.~Co.~[1964] [1st ed.].},
	Keywords = {LIFE ON OTHER PLANETS},
	Title = {{Habitable planets for man}},
	Year = 1964}

@article{Domagal-Goldman2014,
	Adsnote = {Provided by the SAO/NASA Astrophysics Data System},
	Adsurl = {http://adsabs.harvard.edu/abs/2014ApJ...792...90D},
	Archiveprefix = {arXiv},
	Author = {{Domagal-Goldman}, S.~D. and {Segura}, A. and {Claire}, M.~W. and {Robinson}, T.~D. and {Meadows}, V.~S.},
	Doi = {10.1088/0004-637X/792/2/90},
	Eid = {90},
	Eprint = {1407.2622},
	Journal = {\apj},
	Keywords = {Earth, infrared: planetary systems, planets and satellites: atmospheres, planets and satellites: terrestrial planets, planet-star interactions, ultraviolet: planetary systems},
	Month = sep,
	Pages = {90},
	Primaryclass = {astro-ph.EP},
	Title = {{Abiotic Ozone and Oxygen in Atmospheres Similar to Prebiotic Earth}},
	Volume = 792,
	Year = 2014,
	Bdsk-Url-1 = {http://dx.doi.org/10.1088/0004-637X/792/2/90}}


@ARTICLE{Edson2011,
   author = {{Edson}, A. and {Lee}, S. and {Bannon}, P. and {Kasting}, J.~F. and 
	{Pollard}, D.},
    title = "{Atmospheric circulations of terrestrial planets orbiting low-mass stars}",
  journal = {\icarus},
     year = 2011,
    month = mar,
   volume = 212,
    pages = {1-13},
      doi = {10.1016/j.icarus.2010.11.023},
   adsurl = {http://adsabs.harvard.edu/abs/2011Icar..212....1E},
  adsnote = {Provided by the SAO/NASA Astrophysics Data System}
}



@article{EdwardsSlingo1996,
	Adsnote = {Provided by the SAO/NASA Astrophysics Data System},
	Adsurl = {http://adsabs.harvard.edu/abs/1996QJRMS.122..689E},
	Author = {{Edwards}, J.~M. and {Slingo}, A.},
	Doi = {10.1002/qj.49712253107},
	Journal = {Quarterly Journal of the Royal Meteorological Society},
	Month = apr,
	Pages = {689-719},
	Title = {{Studies with a flexible new radiation code. I: Choosing a configuration for a large-scale model}},
	Volume = 122,
	Year = 1996,
	Bdsk-Url-1 = {http://dx.doi.org/10.1002/qj.49712253107}}

@article{Edwards1996,
	Adsnote = {Provided by the SAO/NASA Astrophysics Data System},
	Adsurl = {http://adsabs.harvard.edu/abs/1996JAtS...53.1921E},
	Author = {{Edwards}, J.~M.},
	Doi = {10.1175/1520-0469(1996)053<1921:ECOIFA>2.0.CO;2},
	Journal = {Journal of Atmospheric Sciences},
	Month = jul,
	Pages = {1921-1932},
	Title = {{Efficient Calculation of Infrared Fluxes and Cooling Rates Using the Two-Stream Equations.}},
	Volume = 53,
	Year = 1996,
	Bdsk-Url-1 = {http://dx.doi.org/10.1175/1520-0469(1996)053%3C1921:ECOIFA%3E2.0.CO;2}}

@article{Ehrenreich2006,
	Adsnote = {Provided by the SAO/NASA Astrophysics Data System},
	Adsurl = {http://adsabs.harvard.edu/abs/2006A%26A...448..379E},
	Author = {{Ehrenreich}, D. and {Tinetti}, G. and {Lecavelier Des Etangs}, A. and {Vidal-Madjar}, A. and {Selsis}, F.},
	Doi = {10.1051/0004-6361:20053861},
	Eprint = {astro-ph/0510215},
	Journal = {\aap},
	Keywords = {planets and satellites: general},
	Month = mar,
	Pages = {379-393},
	Title = {{The transmission spectrum of Earth-size transiting planets}},
	Volume = 448,
	Year = 2006,
	Bdsk-Url-1 = {http://dx.doi.org/10.1051/0004-6361:20053861}}



@article{Godolt2015,
	Adsnote = {Provided by the SAO/NASA Astrophysics Data System},
	Adsurl = {http://adsabs.harvard.edu/abs/2015P%26SS..111...62G},
	Archiveprefix = {arXiv},
	Author = {{Godolt}, M. and {Grenfell}, J.~L. and {Hamann-Reinus}, A. and {Kitzmann}, D. and {Kunze}, M. and {Langematz}, U. and {von Paris}, P. and {Patzer}, A.~B.~C. and {Rauer}, H. and {Stracke}, B.},
	Doi = {10.1016/j.pss.2015.03.010},
	Eprint = {1504.01558},
	Journal = {\planss},
	Keywords = {Extrasolar planets, Earth-like atmosphere, Climate, Atmospheric dynamics, Habitability},
	Month = jun,
	Pages = {62-76},
	Primaryclass = {astro-ph.EP},
	Title = {{3D climate modeling of Earth-like extrasolar planets orbiting different types of host stars}},
	Volume = 111,
	Year = 2015,
	Bdsk-Url-1 = {http://dx.doi.org/10.1016/j.pss.2015.03.010}}

@article{Goldreich1966,
	Adsnote = {Provided by the SAO/NASA Astrophysics Data System},
	Adsurl = {http://adsabs.harvard.edu/abs/1966AJ.....71..425G},
	Author = {{Goldreich}, P. and {Peale}, S.},
	Doi = {10.1086/109947},
	Journal = {\aj},
	Month = aug,
	Pages = {425},
	Title = {{Spin-orbit coupling in the solar system}},
	Volume = 71,
	Year = 1966,
	Bdsk-Url-1 = {http://dx.doi.org/10.1086/109947}}



@article{Goody1989,
	Adsnote = {Provided by the SAO/NASA Astrophysics Data System},
	Adsurl = {http://adsabs.harvard.edu/abs/1989JQSRT..42..539G},
	Author = {{Goody}, R. and {West}, R. and {Chen}, L. and {Crisp}, D.},
	Date-Added = {2017-01-31 19:33:15 +0000},
	Date-Modified = {2017-01-31 19:33:15 +0000},
	Doi = {10.1016/0022-4073(89)90044-7},
	Journal = {\jqsrt},
	Keywords = {AEROSOLS, ATMOSPHERIC RADIATION, GAS COMPOSITION, OPTICAL PROPERTIES, PLANETARY ATMOSPHERES, ATMOSPHERIC SCATTERING, CARBON DIOXIDE, OZONE, WATER},
	Month = dec,
	Pages = {539-550},
	Title = {The correlated-$k$ method for radiation calculations in nonhomogeneous atmospheres},
	Volume = {42},
	Year = {1989},
	Bdsk-Url-1 = {http://dx.doi.org/10.1016/0022-4073(89)90044-7}}
	
@article{Ishiwatari2002,
	Adsnote = {Provided by the SAO/NASA Astrophysics Data System},
	Adsurl = {http://adsabs.harvard.edu/abs/2002JAtS...59.3223I},
	Author = {{Ishiwatari}, M. and {Takehiro}, S.-I. and {Nakajima}, K. and {Hayashi}, Y.-Y.},
	Doi = {10.1175/1520-0469(2002)059<3223:ANSOAO>2.0.CO;2},
	Journal = {Journal of Atmospheric Sciences},
	Month = nov,
	Pages = {3223-3238},
	Title = {{A Numerical Study on Appearance of the Runaway Greenhouse State of a Three-Dimensional Gray Atmosphere.}},
	Volume = 59,
	Year = 2002,
	Bdsk-Url-1 = {http://dx.doi.org/10.1175/1520-0469(2002)059%3C3223:ANSOAO%3E2.0.CO;2}}

@article{Joshi2003,
	Adsnote = {Provided by the SAO/NASA Astrophysics Data System},
	Adsurl = {http://adsabs.harvard.edu/abs/2003AsBio...3..415J},
	Author = {{Joshi}, M.},
	Doi = {10.1089/153110703769016488},
	Journal = {Astrobiology},
	Month = jun,
	Pages = {415-427},
	Title = {{Climate Model Studies of Synchronously Rotating Planets}},
	Volume = 3,
	Year = 2003,
	Bdsk-Url-1 = {http://dx.doi.org/10.1089/153110703769016488}}

@article{Kaltenegger2009,
	Adsnote = {Provided by the SAO/NASA Astrophysics Data System},
	Adsurl = {http://adsabs.harvard.edu/abs/2009ApJ...698..519K},
	Archiveprefix = {arXiv},
	Author = {{Kaltenegger}, L. and {Traub}, W.~A.},
	Doi = {10.1088/0004-637X/698/1/519},
	Eprint = {0903.3371},
	Journal = {\apj},
	Keywords = {astrobiology, Earth, planets and satellites: general, techniques: spectroscopic},
	Month = jun,
	Pages = {519-527},
	Primaryclass = {astro-ph.IM},
	Title = {{Transits of Earth-like Planets}},
	Volume = 698,
	Year = 2009,
	Bdsk-Url-1 = {http://dx.doi.org/10.1088/0004-637X/698/1/519}}

@article{Kasting1993,
	Adsnote = {Provided by the SAO/NASA Astrophysics Data System},
	Adsurl = {http://adsabs.harvard.edu/abs/1993Icar..101..108K},
	Author = {{Kasting}, J.~F. and {Whitmire}, D.~P. and {Reynolds}, R.~T.},
	Doi = {10.1006/icar.1993.1010},
	Journal = {\icarus},
	Month = jan,
	Pages = {108-128},
	Title = {{Habitable Zones around Main Sequence Stars}},
	Volume = 101,
	Year = 1993,
	Bdsk-Url-1 = {http://dx.doi.org/10.1006/icar.1993.1010}}

@article{Kodama2015,
	Adsnote = {Provided by the SAO/NASA Astrophysics Data System},
	Adsurl = {http://adsabs.harvard.edu/abs/2015ApJ...812..165K},
	Archiveprefix = {arXiv},
	Author = {{Kodama}, T. and {Genda}, H. and {Abe}, Y. and {Zahnle}, K.~J.},
	Doi = {10.1088/0004-637X/812/2/165},
	Eid = {165},
	Eprint = {1509.03746},
	Journal = {\apj},
	Keywords = {planets and satellites: atmospheres, planets and satellites: oceans, planets and satellites: terrestrial planets},
	Month = oct,
	Pages = {165},
	Primaryclass = {astro-ph.EP},
	Title = {{Rapid Water Loss Can Extend the Lifetime of Planetary Habitability}},
	Volume = 812,
	Year = 2015,
	Bdsk-Url-1 = {http://dx.doi.org/10.1088/0004-637X/812/2/165}}

@article{Kopparapu2013,
	Adsnote = {Provided by the SAO/NASA Astrophysics Data System},
	Adsurl = {http://adsabs.harvard.edu/abs/2013ApJ...765..131K},
	Archiveprefix = {arXiv},
	Author = {{Kopparapu}, R.~K. and {Ramirez}, R. and {Kasting}, J.~F. and {Eymet}, V. and {Robinson}, T.~D. and {Mahadevan}, S. and {Terrien}, R.~C. and {Domagal-Goldman}, S. and {Meadows}, V. and {Deshpande}, R.},
	Doi = {10.1088/0004-637X/765/2/131},
	Eid = {131},
	Eprint = {1301.6674},
	Journal = {\apj},
	Keywords = {planetary systems},
	Month = mar,
	Pages = {131},
	Primaryclass = {astro-ph.EP},
	Title = {{Habitable Zones around Main-sequence Stars: New Estimates}},
	Volume = 765,
	Year = 2013,
	Bdsk-Url-1 = {http://dx.doi.org/10.1088/0004-637X/765/2/131}}

@article{Kopparapu2016,
	Adsnote = {Provided by the SAO/NASA Astrophysics Data System},
	Adsurl = {http://adsabs.harvard.edu/abs/2016ApJ...819...84K},
	Archiveprefix = {arXiv},
	Author = {{Kopparapu}, R.~k. and {Wolf}, E.~T. and {Haqq-Misra}, J. and {Yang}, J. and {Kasting}, J.~F. and {Meadows}, V. and {Terrien}, R. and {Mahadevan}, S.},
	Doi = {10.3847/0004-637X/819/1/84},
	Eid = {84},
	Eprint = {1602.05176},
	Journal = {\apj},
	Keywords = {planets and satellites: atmospheres, planets and satellites: terrestrial planets},
	Month = mar,
	Pages = {84},
	Primaryclass = {astro-ph.EP},
	Title = {{The Inner Edge of the Habitable Zone for Synchronously Rotating Planets around Low-mass Stars Using General Circulation Models}},
	Volume = 819,
	Year = 2016,
	Bdsk-Url-1 = {http://dx.doi.org/10.3847/0004-637X/819/1/84}}

@inproceedings{Kurucz1995,
	Adsnote = {Provided by the SAO/NASA Astrophysics Data System},
	Adsurl = {http://adsabs.harvard.edu/abs/1995ASPC...81...17K},
	Author = {{Kurucz}, R.~L.},
	Booktitle = {Laboratory and Astronomical High Resolution Spectra},
	Editor = {{Sauval}, A.~J. and {Blomme}, R. and {Grevesse}, N.},
	Pages = {17},
	Series = {Astronomical Society of the Pacific Conference Series},
	Title = {{The Solar Spectrum: Atlases and Line Identifications}},
	Volume = 81,
	Year = 1995}
	

@article{Lacis1991,
	Adsnote = {Provided by the SAO/NASA Astrophysics Data System},
	Adsurl = {http://adsabs.harvard.edu/abs/1991JGR....96.9027L},
	Author = {{Lacis}, A.~A. and {Oinas}, V.},
	Date-Added = {2017-01-31 19:32:56 +0000},
	Date-Modified = {2017-01-31 19:32:56 +0000},
	Doi = {10.1029/90JD01945},
	Journal = {\jgr},
	Month = may,
	Pages = {9027-9064},
	Title = {{A description of the correlated-k distribution method for modelling nongray gaseous absorption, thermal emission, and multiple scattering in vertically inhomogeneous atmospheres}},
	Volume = {96},
	Year = {1991},
	Bdsk-Url-1 = {http://dx.doi.org/10.1029/90JD01945}}


	
@ARTICLE{Lean2005,
   author = {{Lean}, J. and {Rottman}, G. and {Harder}, J. and {Kopp}, G.
	},
    title = "{SORCE Contributions to New Understanding of Global Change and Solar Variability}",
  journal = {\solphys},
     year = 2005,
    month = aug,
   volume = 230,
    pages = {27-53},
      doi = {10.1007/s11207-005-1527-2},
   adsurl = {http://adsabs.harvard.edu/abs/2005SoPh..230...27L},
  adsnote = {Provided by the SAO/NASA Astrophysics Data System}
}



@article{Leconte2013a,
	Adsnote = {Provided by the SAO/NASA Astrophysics Data System},
	Adsurl = {http://adsabs.harvard.edu/abs/2013A%26A...554A..69L},
	Archiveprefix = {arXiv},
	Author = {{Leconte}, J. and {Forget}, F. and {Charnay}, B. and {Wordsworth}, R. and {Selsis}, F. and {Millour}, E. and {Spiga}, A.},
	Doi = {10.1051/0004-6361/201321042},
	Eid = {A69},
	Eprint = {1303.7079},
	Journal = {\aap},
	Keywords = {planets and satellites: general, planets and satellites: atmospheres, planets and satellites: physical evolution, planet-star interactions},
	Month = jun,
	Pages = {A69},
	Primaryclass = {astro-ph.EP},
	Title = {{3D climate modeling of close-in land planets: Circulation patterns, climate moist bistability, and habitability}},
	Volume = 554,
	Year = 2013,
	Bdsk-Url-1 = {http://dx.doi.org/10.1051/0004-6361/201321042}}


@article{Leconte2013b,
	Adsnote = {Provided by the SAO/NASA Astrophysics Data System},
	Adsurl = {http://adsabs.harvard.edu/abs/2013Natur.504..268L},
	Archiveprefix = {arXiv},
	Author = {{Leconte}, J. and {Forget}, F. and {\GG{ZZ}Charnay}, B. and {Wordsworth}, R. and {Pottier}, A.},
	Doi = {10.1038/nature12827},
	Eprint = {1312.3337},
	Journal = {\nat},
	Month = dec,
	Pages = {268-271},
	Primaryclass = {astro-ph.EP},
	Title = {{Increased insolation threshold for runaway greenhouse processes on Earth-like planets}},
	Volume = 504,
	Year = 2013,
	Bdsk-Url-1 = {http://dx.doi.org/10.1038/nature12827}}



@article{Leconte2015,
	Adsnote = {Provided by the SAO/NASA Astrophysics Data System},
	Adsurl = {http://adsabs.harvard.edu/abs/2015Sci...347..632L},
	Archiveprefix = {arXiv},
	Author = {{Leconte}, J. and {Wu}, H. and {Menou}, K. and {Murray}, N.},
	Doi = {10.1126/science.1258686},
	Eprint = {1502.01952},
	Journal = {Science},
	Month = feb,
	Pages = {632-635},
	Primaryclass = {astro-ph.EP},
	Title = {{Asynchronous rotation of Earth-mass planets in the habitable zone of lower-mass stars}},
	Volume = 347,
	Year = 2015,
	Bdsk-Url-1 = {http://dx.doi.org/10.1126/science.1258686}}




@ARTICLE{Merlis2010,
   author = {{Merlis}, T.~M. and {Schneider}, T.},
    title = "{Atmospheric dynamics of Earth-like tidally locked aquaplanets}",
  journal = {Journal of Advances in Modeling Earth Systems},
archivePrefix = "arXiv",
   eprint = {1001.5117},
 primaryClass = "astro-ph.EP",
 keywords = {Atmospheric Composition and Structure: Aerosols and particles (0345, 4801, 4906)},
     year = 2010,
    month = dec,
   volume = 2,
      eid = {13},
    pages = {13},
      doi = {10.3894/JAMES.2010.2.13},
   adsurl = {http://adsabs.harvard.edu/abs/2010JAMES...2...13M},
  adsnote = {Provided by the SAO/NASA Astrophysics Data System}
}



@article{Misra2014,
	Adsnote = {Provided by the SAO/NASA Astrophysics Data System},
	Adsurl = {http://adsabs.harvard.edu/abs/2014ApJ...792...61M},
	Archiveprefix = {arXiv},
	Author = {{Misra}, A. and {Meadows}, V. and {Crisp}, D.},
	Doi = {10.1088/0004-637X/792/1/61},
	Eid = {61},
	Eprint = {1407.3265},
	Journal = {\apj},
	Keywords = {astrobiology, planets and satellites: atmospheres, radiative transfer},
	Month = sep,
	Pages = {61},
	Primaryclass = {astro-ph.EP},
	Title = {{The Effects of Refraction on Transit Transmission Spectroscopy: Application to Earth-like Exoplanets}},
	Volume = 792,
	Year = 2014,
	Bdsk-Url-1 = {http://dx.doi.org/10.1088/0004-637X/792/1/61}}

@article{Quintana2014,
	Adsnote = {Provided by the SAO/NASA Astrophysics Data System},
	Adsurl = {http://adsabs.harvard.edu/abs/2014Sci...344..277Q},
	Archiveprefix = {arXiv},
	Author = {{Quintana}, E.~V. and {Barclay}, T. and {Raymond}, S.~N. and {Rowe}, J.~F. and {Bolmont}, E. and {Caldwell}, D.~A. and {Howell}, S.~B. and {Kane}, S.~R. and {Huber}, D. and {Crepp}, J.~R. and {Lissauer}, J.~J. and {Ciardi}, D.~R. and {Coughlin}, J.~L. and {Everett}, M.~E. and {Henze}, C.~E. and {Horch}, E. and {Isaacson}, H. and {Ford}, E.~B. and {Adams}, F.~C. and {Still}, M. and {Hunter}, R.~C. and {Quarles}, B. and {Selsis}, F.},
	Doi = {10.1126/science.1249403},
	Eprint = {1404.5667},
	Journal = {Science},
	Month = apr,
	Pages = {277-280},
	Primaryclass = {astro-ph.EP},
	Title = {{An Earth-Sized Planet in the Habitable Zone of a Cool Star}},
	Volume = 344,
	Year = 2014,
	Bdsk-Url-1 = {http://dx.doi.org/10.1126/science.1249403}}

@article{Rothman2013,
	Adsnote = {Provided by the SAO/NASA Astrophysics Data System},
	Adsurl = {http://adsabs.harvard.edu/abs/2013JQSRT.130....4R},
	Author = {{Rothman}, L.~S. and {Gordon}, I.~E. and {Babikov}, Y. and {Barbe}, A. and {Chris Benner}, D. and {Bernath}, P.~F. and {Birk}, M. and {Bizzocchi}, L. and {Boudon}, V. and {Brown}, L.~R. and {Campargue}, A. and {Chance}, K. and {Cohen}, E.~A. and {Coudert}, L.~H. and {Devi}, V.~M. and {Drouin}, B.~J. and {Fayt}, A. and {Flaud}, J.-M. and {Gamache}, R.~R. and {Harrison}, J.~J. and {Hartmann}, J.-M. and {Hill}, C. and {Hodges}, J.~T. and {Jacquemart}, D. and {Jolly}, A. and {Lamouroux}, J. and {Le Roy}, R.~J. and {Li}, G. and {Long}, D.~A. and {Lyulin}, O.~M. and {Mackie}, C.~J. and {Massie}, S.~T. and {Mikhailenko}, S. and {M{\"u}ller}, H.~S.~P. and {Naumenko}, O.~V. and {Nikitin}, A.~V. and {Orphal}, J. and {Perevalov}, V. and {Perrin}, A. and {Polovtseva}, E.~R. and {Richard}, C. and {Smith}, M.~A.~H. and {Starikova}, E. and {Sung}, K. and {Tashkun}, S. and {Tennyson}, J. and {Toon}, G.~C. and {Tyuterev}, V.~G. and {Wagner}, G.},
	Doi = {10.1016/j.jqsrt.2013.07.002},
	Journal = {\jqsrt},
	Month = nov,
	Pages = {4-50},
	Title = {{The HITRAN2012 molecular spectroscopic database}},
	Volume = 130,
	Year = 2013,
	Bdsk-Url-1 = {http://dx.doi.org/10.1016/j.jqsrt.2013.07.002}}

@article{Rugheimer2013,
	Adsnote = {Provided by the SAO/NASA Astrophysics Data System},
	Adsurl = {http://adsabs.harvard.edu/abs/2013AsBio..13..251R},
	Archiveprefix = {arXiv},
	Author = {{Rugheimer}, S. and {Kaltenegger}, L. and {Zsom}, A. and {Segura}, A. and {Sasselov}, D.},
	Doi = {10.1089/ast.2012.0888},
	Eprint = {1212.2638},
	Journal = {Astrobiology},
	Month = mar,
	Pages = {251-269},
	Primaryclass = {astro-ph.EP},
	Title = {{Spectral Fingerprints of Earth-like Planets Around FGK Stars}},
	Volume = 13,
	Year = 2013,
	Bdsk-Url-1 = {http://dx.doi.org/10.1089/ast.2012.0888}}

@article{Rugheimer2015,
	Adsnote = {Provided by the SAO/NASA Astrophysics Data System},
	Adsurl = {http://adsabs.harvard.edu/abs/2015ApJ...809...57R},
	Archiveprefix = {arXiv},
	Author = {{Rugheimer}, S. and {Kaltenegger}, L. and {Segura}, A. and {Linsky}, J. and {Mohanty}, S.},
	Doi = {10.1088/0004-637X/809/1/57},
	Eid = {57},
	Eprint = {1506.07202},
	Journal = {\apj},
	Keywords = {astrobiology, planets and satellites: atmospheres, planets and satellites: terrestrial planets, stars: low-mass},
	Month = aug,
	Pages = {57},
	Primaryclass = {astro-ph.EP},
	Title = {{Effect of UV Radiation on the Spectral Fingerprints of Earth-like Planets Orbiting M Stars}},
	Volume = 809,
	Year = 2015,
	Bdsk-Url-1 = {http://dx.doi.org/10.1088/0004-637X/809/1/57}}

@article{Schmidt2014,
	Adsnote = {Provided by the SAO/NASA Astrophysics Data System},
	Adsurl = {http://adsabs.harvard.edu/abs/2014JAMES...6..141S},
	Author = {{Schmidt}, G.~A. and {Kelley}, M. and {Nazarenko}, L. and {Ruedy}, R. and {Russell}, G.~L. and {Aleinov}, I. and {Bauer}, M. and {Bauer}, S.~E. and {Bhat}, M.~K. and {Bleck}, R. and {Canuto}, V. and {Chen}, Y.-H. and {Cheng}, Y. and {Clune}, T.~L. and {Del Genio}, A. and {de Fainchtein}, R. and {Faluvegi}, G. and {Hansen}, J.~E. and {Healy}, R.~J. and {Kiang}, N.~Y. and {Koch}, D. and {Lacis}, A.~A. and {LeGrande}, A.~N. and {Lerner}, J. and {Lo}, K.~K. and {Matthews}, E.~E. and {Menon}, S. and {Miller}, R.~L. and {Oinas}, V. and {Oloso}, A.~O. and {Perlwitz}, J.~P. and {Puma}, M.~J. and {Putman}, W.~M. and {Rind}, D. and {Romanou}, A. and {Sato}, M. and {Shindell}, D.~T. and {Sun}, S. and {Syed}, R.~A. and {Tausnev}, N. and {Tsigaridis}, K. and {Unger}, N. and {Voulgarakis}, A. and {Yao}, M.-S. and {Zhang}, J.},
	Doi = {10.1002/2013MS000265},
	Journal = {Journal of Advances in Modeling Earth Systems},
	Keywords = {Climate model, Climatology, Satellite Era},
	Month = mar,
	Pages = {141-184},
	Title = {{Configuration and assessment of the GISS ModelE2 contributions to the CMIP5 archive}},
	Volume = 6,
	Year = 2014,
	Bdsk-Url-1 = {http://dx.doi.org/10.1002/2013MS000265}}

@article{Sing2016,
	Adsnote = {Provided by the SAO/NASA Astrophysics Data System},
	Adsurl = {http://adsabs.harvard.edu/abs/2016Natur.529...59S},
	Archiveprefix = {arXiv},
	Author = {{Sing}, D.~K. and {Fortney}, J.~J. and {Nikolov}, N. and {Wakeford}, H.~R. and {Kataria}, T. and {Evans}, T.~M. and {Aigrain}, S. and {Ballester}, G.~E. and {Burrows}, A.~S. and {Deming}, D. and {D{\'e}sert}, J.-M. and {Gibson}, N.~P. and {Henry}, G.~W. and {Huitson}, C.~M. and {Knutson}, H.~A. and {Lecavelier Des Etangs}, A. and {Pont}, F. and {Showman}, A.~P. and {Vidal-Madjar}, A. and {Williamson}, M.~H. and {Wilson}, P.~A.},
	Doi = {10.1038/nature16068},
	Eprint = {1512.04341},
	Journal = {\nat},
	Month = jan,
	Pages = {59-62},
	Primaryclass = {astro-ph.EP},
	Title = {{A continuum from clear to cloudy hot-Jupiter exoplanets without primordial water depletion}},
	Volume = 529,
	Year = 2016,
	Bdsk-Url-1 = {http://dx.doi.org/10.1038/nature16068}}

@article{Segura2003,
	Adsnote = {Provided by the SAO/NASA Astrophysics Data System},
	Adsurl = {http://adsabs.harvard.edu/abs/2003AsBio...3..689S},
	Author = {{Segura}, A. and {Krelove}, K. and {Kasting}, J.~F. and {Sommerlatt}, D. and {Meadows}, V. and {Crisp}, D. and {Cohen}, M. and {Mlawer}, E.},
	Doi = {10.1089/153110703322736024},
	Journal = {Astrobiology},
	Keywords = {TERRESTRIAL PLANET FINDER, BIOMARKERS, OZONE, EXTRASOLAR PLANETS,},
	Month = dec,
	Pages = {689-708},
	Title = {{Ozone Concentrations and Ultraviolet Fluxes on Earth-Like Planets Around Other Stars}},
	Volume = 3,
	Year = 2003,
	Bdsk-Url-1 = {http://dx.doi.org/10.1089/153110703322736024}}

@article{Torres2015,
	Adsnote = {Provided by the SAO/NASA Astrophysics Data System},
	Adsurl = {http://adsabs.harvard.edu/abs/2015ApJ...800...99T},
	Archiveprefix = {arXiv},
	Author = {{Torres}, G. and {Kipping}, D.~M. and {Fressin}, F. and {Caldwell}, D.~A. and {Twicken}, J.~D. and {Ballard}, S. and {Batalha}, N.~M. and {Bryson}, S.~T. and {Ciardi}, D.~R. and {Henze}, C.~E. and {Howell}, S.~B. and {Isaacson}, H.~T. and {Jenkins}, J.~M. and {Muirhead}, P.~S. and {Newton}, E.~R. and {Petigura}, E.~A. and {Barclay}, T. and {Borucki}, W.~J. and {Crepp}, J.~R. and {Everett}, M.~E. and {Horch}, E.~P. and {Howard}, A.~W. and {Kolbl}, R. and {Marcy}, G.~W. and {McCauliff}, S. and {Quintana}, E.~V.},
	Doi = {10.1088/0004-637X/800/2/99},
	Eid = {99},
	Eprint = {1501.01101},
	Journal = {\apj},
	Keywords = {methods: statistical, planetary systems, stars: individual: KOI-3284 (Kepler-438) KOI-4742 (Kepler-442), techniques: photometric},
	Month = feb,
	Pages = {99},
	Primaryclass = {astro-ph.EP},
	Title = {{Validation of 12 Small Kepler Transiting Planets in the Habitable Zone}},
	Volume = 800,
	Year = 2015,
	Bdsk-Url-1 = {http://dx.doi.org/10.1088/0004-637X/800/2/99}}

@article{vanderWerf2008,
	Adsnote = {Provided by the SAO/NASA Astrophysics Data System},
	Adsurl = {http://adsabs.harvard.edu/abs/2008ApOpt..47..153V},
	Author = {{van der Werf}, S.~Y.},
	Doi = {10.1364/AO.47.000153},
	Journal = {\ao},
	Keywords = {Mathematical methods in physics, Numerical approximation and analysis, Atmospheric optics, Mirages and refraction},
	Month = jan,
	Pages = {153-156},
	Title = {{Comment on ''Improved ray tracing air mass numbers model''}},
	Volume = 47,
	Year = 2008,
	Bdsk-Url-1 = {http://dx.doi.org/10.1364/AO.47.000153}}

@article{vonBraun2014,
	Adsnote = {Provided by the SAO/NASA Astrophysics Data System},
	Adsurl = {http://adsabs.harvard.edu/abs/2014MNRAS.438.2413V},
	Archiveprefix = {arXiv},
	Author = {{von Braun}, K. and {Boyajian}, T.~S. and {van Belle}, G.~T. and {Kane}, S.~R. and {Jones}, J. and {Farrington}, C. and {Schaefer}, G. and {Vargas}, N. and {Scott}, N. and {ten Brummelaar}, T.~A. and {Kephart}, M. and {Gies}, D.~R. and {Ciardi}, D.~R. and {L{\'o}pez-Morales}, M. and {Mazingue}, C. and {McAlister}, H.~A. and {Ridgway}, S. and {Goldfinger}, P.~J. and {Turner}, N.~H. and {Sturmann}, L.},
	Doi = {10.1093/mnras/stt2360},
	Eprint = {1312.1792},
	Journal = {\mnras},
	Keywords = {techniques: interferometric, stars: fundamental parameters, stars: general, stars: late-type, planetary systems, infrared: stars},
	Month = mar,
	Pages = {2413-2425},
	Primaryclass = {astro-ph.EP},
	Title = {{Stellar diameters and temperatures - V. 11 newly characterized exoplanet host stars}},
	Volume = 438,
	Year = 2014,
	Bdsk-Url-1 = {http://dx.doi.org/10.1093/mnras/stt2360}}

@article{Walters2017,
	Author = {Walters, D. and Brooks, M. and Boutle, I. and Melvin, T. and Stratton, R. and Vosper, S. and Wells, H. and Williams, K. and Wood, N. and Allen, T. and Bushell, A. and Copsey, D. and Earnshaw, P. and Edwards, J. and Gross, M. and Hardiman, S. and Harris, C. and Heming, J. and Klingaman, N. and Levine, R. and Manners, J. and Martin, G. and Milton, S. and Mittermaier, M. and Morcrette, C. and Riddick, T. and Roberts, M. and Sanchez, C. and Selwood, P. and Stirling, A. and Smith, C. and Suri, D. and Tennant, W. and Vidale, P. L. and Wilkinson, J. and Willett, M. and Woolnough, S. and Xavier, P.},
	Journal = {Geosci. Model Dev.},
	Volume = {in prep.},
	Year = {2017}}

@article{Way2015,
	Adsnote = {Provided by the SAO/NASA Astrophysics Data System},
	Adsurl = {http://adsabs.harvard.edu/abs/2015arXiv151107283W},
	Archiveprefix = {arXiv},
	Author = {{Way}, M.~J. and {Del Genio}, A.~D. and {Kelley}, M. and {Aleinov}, I. and {Clune}, T.},
	Eprint = {1511.07283},
	Journal = {ArXiv e-prints},
	Keywords = {Astrophysics - Earth and Planetary Astrophysics},
	Month = nov,
	Primaryclass = {astro-ph.EP},
	Title = {{Exploring the Inner Edge of the Habitable Zone with Fully Coupled Oceans}},
	Year = 2015}

@article{Way2016,
	Adsnote = {Provided by the SAO/NASA Astrophysics Data System},
	Adsurl = {http://adsabs.harvard.edu/abs/2016arXiv160800706W},
	Archiveprefix = {arXiv},
	Author = {{Way}, M.~J. and {Del Genio}, A.~D. and {Kiang}, N.~Y. and {Sohl}, L.~E. and {Grinspoon}, D.~H. and {Aleinov}, I. and {Kelley}, M. and {Clune}, T.},
	Eprint = {1608.00706},
	Journal = {ArXiv e-prints},
	Keywords = {Astrophysics - Earth and Planetary Astrophysics},
	Month = aug,
	Primaryclass = {astro-ph.EP},
	Title = {{Was Venus the First Habitable World of our Solar System?}},
	Year = 2016}

@article{Way2017,
	Adsnote = {Provided by the SAO/NASA Astrophysics Data System},
	Adsurl = {http://adsabs.harvard.edu/abs/2017arXiv170102360W},
	Archiveprefix = {arXiv},
	Author = {{Way}, M.~J. and {Aleinov}, I. and {Amundsen}, D.~S. and {Chandler}, M. and {Clune}, T. and {Del Genio}, A.~D. and {Fujii}, Y. and {Kelley}, M. and {Kiang}, N.~Y. and {Sohl}, L. and {Tsigaridis}, K.},
	Eprint = {1701.02360},
	Journal = {ArXiv e-prints},
	Keywords = {Astrophysics - Earth and Planetary Astrophysics},
	Month = jan,
	Primaryclass = {astro-ph.EP},
	Title = {{Resolving Orbital and Climate Keys of Earth and Extraterrestrial Environments with Dynamics 1.0: A General Circulation Model for Simulating the Climates of Rocky Planets}},
	Year = 2017}
	

@article{Wiscombe1977,
	Adsnote = {Provided by the SAO/NASA Astrophysics Data System},
	Adsurl = {http://adsabs.harvard.edu/abs/1977JCoPh..24..416W},
	Author = {{Wiscombe}, W.~J. and {Evans}, J.~W.},
	Date-Added = {2017-01-31 19:32:37 +0000},
	Date-Modified = {2017-01-31 19:32:37 +0000},
	Doi = {10.1016/0021-9991(77)90031-6},
	Journal = {Journal of Computational Physics},
	Keywords = {COMPUTER TECHNIQUES, CURVE FITTING, ERROR ANALYSIS, EXPONENTIAL FUNCTIONS, PLANETARY ATMOSPHERES, RADIATIVE TRANSFER, ABSORPTION SPECTRA, ALGORITHMS, ATMOSPHERIC SCATTERING, CONVERGENCE, MOLECULAR ABSORPTION, SUMS},
	Month = aug,
	Pages = {416-444},
	Title = {{Exponential-sum fitting of radiative transmission functions}},
	Volume = {24},
	Year = {1977},
	Bdsk-Url-1 = {http://dx.doi.org/10.1016/0021-9991(77)90031-6}}



@article{Wolf2014,
	Adsnote = {Provided by the SAO/NASA Astrophysics Data System},
	Adsurl = {http://adsabs.harvard.edu/abs/2014GeoRL..41..167W},
	Author = {{Wolf}, E.~T. and {Toon}, O.~B.},
	Doi = {10.1002/2013GL058376},
	Journal = {\grl},
	Keywords = {hot climates, habitability},
	Month = jan,
	Pages = {167-172},
	Title = {{Delayed onset of runaway and moist greenhouse climates for Earth}},
	Volume = 41,
	Year = 2014,
	Bdsk-Url-1 = {http://dx.doi.org/10.1002/2013GL058376}}

@article{Wolf2015,
	Adsnote = {Provided by the SAO/NASA Astrophysics Data System},
	Adsurl = {http://adsabs.harvard.edu/abs/2015JGRD..120.5775W},
	Author = {{Wolf}, E.~T. and {Toon}, O.~B.},
	Doi = {10.1002/2015JD023302},
	Journal = {Journal of Geophysical Research (Atmospheres)},
	Keywords = {planetary atmospheres, moist greenhouse climates, hot climates, future Earth, habitability},
	Month = jun,
	Pages = {5775-5794},
	Title = {{The evolution of habitable climates under the brightening Sun}},
	Volume = 120,
	Year = 2015,
	Bdsk-Url-1 = {http://dx.doi.org/10.1002/2015JD023302}}

@article{Wordsworth2013,
	Adsnote = {Provided by the SAO/NASA Astrophysics Data System},
	Adsurl = {http://adsabs.harvard.edu/abs/2013ApJ...778..154W},
	Archiveprefix = {arXiv},
	Author = {{Wordsworth}, R.~D. and {Pierrehumbert}, R.~T.},
	Doi = {10.1088/0004-637X/778/2/154},
	Eid = {154},
	Eprint = {1306.3266},
	Journal = {\apj},
	Keywords = {planet-star interactions, planets and satellites: atmospheres, planets and satellites: physical evolution, Sun: UV radiation},
	Month = dec,
	Pages = {154},
	Primaryclass = {astro-ph.EP},
	Title = {{Water Loss from Terrestrial Planets with CO$_{2}$-rich Atmospheres}},
	Volume = 778,
	Year = 2013,
	Bdsk-Url-1 = {http://dx.doi.org/10.1088/0004-637X/778/2/154}}

@article{Wordsworth2014,
	Adsnote = {Provided by the SAO/NASA Astrophysics Data System},
	Adsurl = {http://adsabs.harvard.edu/abs/2014ApJ...785L..20W},
	Archiveprefix = {arXiv},
	Author = {{Wordsworth}, R. and {Pierrehumbert}, R.},
	Doi = {10.1088/2041-8205/785/2/L20},
	Eid = {L20},
	Eprint = {1403.2713},
	Journal = {\apjl},
	Keywords = {astrobiology, planets and satellites: atmospheres, planets and satellites: physical evolution, planets and satellites: terrestrial planets, planet-star interactions},
	Month = apr,
	Pages = {L20},
	Primaryclass = {astro-ph.EP},
	Title = {{Abiotic Oxygen-dominated Atmospheres on Terrestrial Habitable Zone Planets}},
	Volume = 785,
	Year = 2014,
	Bdsk-Url-1 = {http://dx.doi.org/10.1088/2041-8205/785/2/L20}}

@article{Yang2013,
	Adsnote = {Provided by the SAO/NASA Astrophysics Data System},
	Adsurl = {http://adsabs.harvard.edu/abs/2013ApJ...771L..45Y},
	Archiveprefix = {arXiv},
	Author = {{Yang}, J. and {Cowan}, N.~B. and {Abbot}, D.~S.},
	Doi = {10.1088/2041-8205/771/2/L45},
	Eid = {L45},
	Eprint = {1307.0515},
	Journal = {\apjl},
	Keywords = {astrobiology, planets and satellites: atmospheres, stars: low-mass},
	Month = jul,
	Pages = {L45},
	Primaryclass = {astro-ph.EP},
	Title = {{Stabilizing Cloud Feedback Dramatically Expands the Habitable Zone of Tidally Locked Planets}},
	Volume = 771,
	Year = 2013,
	Bdsk-Url-1 = {http://dx.doi.org/10.1088/2041-8205/771/2/L45}}

@article{Yang2014,
	Adsnote = {Provided by the SAO/NASA Astrophysics Data System},
	Adsurl = {http://adsabs.harvard.edu/abs/2014ApJ...787L...2Y},
	Archiveprefix = {arXiv},
	Author = {{Yang}, J. and {Bou{\'e}}, G. and {Fabrycky}, D.~C. and {Abbot}, D.~S.},
	Doi = {10.1088/2041-8205/787/1/L2},
	Eid = {L2},
	Eprint = {1404.4992},
	Journal = {\apjl},
	Keywords = {astrobiology, planets and satellites: atmospheres, planets and satellites: detection},
	Month = may,
	Pages = {L2},
	Primaryclass = {astro-ph.EP},
	Title = {{Strong Dependence of the Inner Edge of the Habitable Zone on Planetary Rotation Rate}},
	Volume = 787,
	Year = 2014,
	Bdsk-Url-1 = {http://dx.doi.org/10.1088/2041-8205/787/1/L2}}


@article{Zdunkowski1980,
	Author = {{Zdunkowski}, W.~G. and {Welch}, R.~M. and {Korb}, G.},
	Journal = {Beitr\"{a}ge zur Physik der Atmosph\"{a}re},
	Number = {2},
	Owner = {amundsen},
	Pages = {147--166},
	Timestamp = {2013.05.09},
	Title = {{An Investigation of the Structure of Typical Two-stream-methods for the Calculation of Solar Fluxes and Heating Rates in Clouds}},
	Volume = {53},
	Year = {1980}
}

	
@article{Zdunkowski1985,
	Author = {{Zdunkowski}, W.~G. and {Korb}, G.~J.},
	Journal = {Promet},
	Owner = {amundsen},
	Pages = {26--39},
	Timestamp = {2013.05.13},
	Title = {{Numerische Methoden zur L\"{o}sung der Strahlungs\"{u}bertragungsgleichung}},
	Volume = {2/3},
	Year = {1985}
}
